<record><leader>00000cas a22000007a 4500</leader><controlfield tag="001">12233689</controlfield><controlfield tag="008">850705d19141915mtuwr ne      0    0eng d</controlfield><datafield ind1=" " ind2=" " tag="010"><subfield code="a">sn 85053182 </subfield></datafield><datafield ind1=" " ind2=" " tag="040"><subfield code="a">MTL</subfield><subfield code="b">eng</subfield><subfield code="c">MTL</subfield><subfield code="d">OCLCQ</subfield><subfield code="d">DLC</subfield></datafield><datafield ind1=" " ind2=" " tag="042"><subfield code="a">msc</subfield></datafield><datafield ind1="0" ind2="0" tag="245"><subfield code="a">Meagher County Democrat.</subfield></datafield><datafield ind1=" " ind2=" " tag="260"><subfield code="a">Harlowton, Mont. :</subfield><subfield code="b">G.H. Beasley,</subfield><subfield code="c">1914-1915.</subfield></datafield><datafield ind1=" " ind2=" " tag="300"><subfield code="a">3 v. :</subfield><subfield code="b">ill.</subfield></datafield><datafield ind1=" " ind2=" " tag="310"><subfield code="a">Weekly</subfield></datafield><datafield ind1="0" ind2=" " tag="362"><subfield code="a">Vol. 8, no. 30 (Jan. 23, 1914)-v. 10, no. 22 (Nov. 26, 1915).</subfield></datafield><datafield ind1=" " ind2=" " tag="752"><subfield code="a">United States</subfield><subfield code="b">Montana</subfield><subfield code="c">Wheatland</subfield><subfield code="d">Harlowton.</subfield></datafield><datafield ind1="0" ind2="0" tag="780"><subfield code="t">Harlowton news</subfield><subfield code="x">2329-5546</subfield><subfield code="w">(DLC)sn 85053181</subfield><subfield code="w">(OCoLC)12233676</subfield></datafield><datafield ind1="0" ind2="0" tag="785"><subfield code="t">Harlowton press</subfield><subfield code="w">(DLC)sn 85053183</subfield></datafield></record>